<?xml version="1.0" encoding="UTF-8"?><collection><record><leader>05287ntm a2200505 a 4500</leader><controlfield tag="001">006819552</controlfield><controlfield tag="003">MiAaHDL</controlfield><controlfield tag="005">20190719000000.0</controlfield><controlfield tag="006">m        d        </controlfield><controlfield tag="007">cr bn ---auaua</controlfield><controlfield tag="008">090617q15121572xx            00| ||per d</controlfield><datafield tag="035" ind1=" " ind2=" "><subfield code="a">(MiU)006819552</subfield></datafield><datafield tag="035" ind1=" " ind2=" "><subfield code="a">sdr-miu006819552</subfield></datafield><datafield tag="040" ind1=" " ind2=" "><subfield code="a">MiU</subfield><subfield code="c">MiU</subfield><subfield code="e">amremm</subfield></datafield><datafield tag="043" ind1=" " ind2=" "><subfield code="a">n-us-mi</subfield></datafield><datafield tag="245" ind1="0" ind2="0"><subfield code="6">880-03</subfield><subfield code="a">[Majmūʻah-i ghazalīyāt,</subfield><subfield code="f">16th century].</subfield></datafield><datafield tag="260" ind1=" " ind2=" "><subfield code="c">[1517-1572].</subfield></datafield><datafield tag="300" ind1=" " ind2=" "><subfield code="a">48 leaves :</subfield><subfield code="b">paper ;</subfield><subfield code="c">95 x 240 (133 x 39) mm.</subfield></datafield><datafield tag="500" ind1=" " ind2=" "><subfield code="a">Shelfmark: Ann Arbor, University of Michigan, Special Collections Library, Isl. Ms. 365</subfield></datafield><datafield tag="500" ind1=" " ind2=" "><subfield code="a">Origin: Lacks dated colophon ; according to inscription on flyleaf, executed by the renowned calligrapher Shāh Maḥmūd Nīshāpūrī whose numerous dated manuscripts and calligraphic specimens fall between roughly 1517 and 1572 ; paper, etc. would also suggest a 16th century date of production, though the manuscript was likely rebound much later.</subfield></datafield><datafield tag="500" ind1=" " ind2=" "><subfield code="a">Accompanying materials: Slip of paper with descriptive note in ink in hand of G. Meredith-Owens "365 An anthology of Persian ghazals by Hāfiẓ, Jāmī, ʻĀrifī, Bisāṭī, Bāqī, etc. written in calligraphic Nastaʻlīq on tinted paper. Probably first half of the 17th century. Copied ['almost certainly,' struck through] by a Turkish calligrapher. Some leaves missing at the beginning and end."</subfield></datafield><datafield tag="500" ind1=" " ind2=" "><subfield code="a">Former shelfmark: "94 T. De M. [i.e. Tammaro De Marinis]" inscribed in pencil on verso of front flyleaf.</subfield></datafield><datafield tag="500" ind1=" " ind2=" "><subfield code="a">Binding: Pasteboards covered in dark brown leather with red leather over spine ; Type III binding (without flap) in oblong or safīnah format which was perhaps originally intended to be opened vertically ; doublures / board linings in an orange coated, textured (embossed) paper and flyleaves in a shell marbled paper (primarily in black, gray, and dark pink) ; upper and lower covers carry stamped (with gold-painted paper recessed onlays) central lozenge filled with vaguely symmetrical vegetal composition with gold-painted tooled-rosette and stroke accents as well as tooled and gold-painted border ; sewn in yellow thread, two stations ; worked chevron endbands in yellow and dark pink [?], fairly good condition ; overall in fair condition with minor abrasion, staining, etc.</subfield></datafield><datafield tag="500" ind1=" " ind2=" "><subfield code="a">Support: non-European (likely Persian) laid paper (laid lines fairly indistinct but visible), gold-flecked (margins large grain, written area much finer grain) and tinted various shades of pink and salmon with one leaf in blue, now interleaved with slips of blank, untinted wove paper.</subfield></datafield><datafield tag="500" ind1=" " ind2=" "><subfield code="a">Decoration: Written area surrounded by frame consisting of several narrow bands of gold outlined in black fillets with outermost blue fillet, inner perimeter and divisions within defined by narrow gold bands ; headings mainly in white ink ; margins and written area gold-flecked.</subfield></datafield><datafield tag="500" ind1=" " ind2=" "><subfield code="a">Script: Nastaʻlīq ; compact, exquisite calligraphic hand in a medium line ; serifless, with effect of words descending to baseline, closed counters, elongation and contrasting thickness of horizontal strokes, pointing in distinct dots.</subfield></datafield><datafield tag="500" ind1=" " ind2=" "><subfield code="a">Layout: Arranged in 14 hemistiches per page in 10 lines on the diagonal against the long edge of the written area with an additional divided line of four hemistiches along leftward or lower long edge ; frame-ruled.</subfield></datafield><datafield tag="500" ind1=" " ind2=" "><subfield code="a">Collation: i, V+2 (11), 2 VI(35), VI+1 (48), i ; now chiefly senions / sexternions with blank wove paper interleaved between original leaves ; catchwords present, but leaves do not appear to follow the order prescribed by the catchwords (compare catchword on p.1 and opening of text on p.4) ; foliation in black ink, Hindu-Arabic numerals (appears in outer margin of each leaf) ; pagination in pencil, Western numerals, supplied during digitization.</subfield></datafield><datafield tag="500" ind1=" " ind2=" "><subfield code="a">Incipit: "حافظ ز دیده دانه اشکی همی فشان ..."</subfield></datafield><datafield tag="500" ind1=" " ind2=" "><subfield code="a">Title supplied by cataloguer.</subfield></datafield><datafield tag="500" ind1=" " ind2=" "><subfield code="a">Ms. codex.</subfield></datafield><datafield tag="510" ind1="4" ind2=" "><subfield code="a">Bayānī, Mahdī. Aḥvāl va āsār-i khūshʹnavīsān : nastaʻlīq navīsān. [Tehran] : Dānishgāh-i Tihrān, 1345 [1966],</subfield><subfield code="c">v.1 pp.295-307</subfield></datafield><datafield tag="520" ind1="8" ind2=" "><subfield code="a">Fine collection (majmūʻah) of poetry and exquisite calligraphic specimen, according to inscription on flyleaf executed by the renowned 16th century Ṣafavid calligrapher Shāh Maḥmūd Nīshāpūrī, employing ghazals of ʻĀrifī, Bisāṭī, Jāmī, Ḥāfiẓ, etc.</subfield></datafield><datafield tag="538" ind1=" " ind2=" "><subfield code="a">Mode of access: Internet.</subfield></datafield><datafield tag="541" ind1=" " ind2=" "><subfield code="c">Purchase ;</subfield><subfield code="a">Acquired by purchase (funds donated by Horace Rackham).</subfield><subfield code="d">1924.</subfield></datafield><datafield tag="546" ind1=" " ind2=" "><subfield code="a">Persian.</subfield></datafield><datafield tag="561" ind1=" " ind2=" "><subfield code="a">Effaced inscription in black ink on upper doublure / board lining ; clean copy.</subfield></datafield><datafield tag="650" ind1=" " ind2="0"><subfield code="a">Manuscripts, Persian</subfield><subfield code="z">Michigan</subfield><subfield code="z">Ann Arbor.</subfield></datafield><datafield tag="650" ind1=" " ind2="0"><subfield code="a">Persian poetry</subfield><subfield code="y">1500-1796.</subfield></datafield><datafield tag="650" ind1=" " ind2="0"><subfield code="a">Persian poetry</subfield><subfield code="y">747-1500.</subfield></datafield><datafield tag="700" ind1="0" ind2=" "><subfield code="a">Abdülhamid</subfield><subfield code="b">II,</subfield><subfield code="c">Sultan of the Turks,</subfield><subfield code="d">1842-1918,</subfield><subfield code="e">former owner.</subfield></datafield><datafield tag="700" ind1="0" ind2=" "><subfield code="6">880-09</subfield><subfield code="a">Shāh Maḥmūd Nīshāpūrī,</subfield><subfield code="d">fl. 1517-1572,</subfield><subfield code="e">calligrapher.</subfield></datafield><datafield tag="773" ind1="0" ind2=" "><subfield code="a">Abdul Hamid Collection.</subfield></datafield><datafield tag="880" ind1="0" ind2=" "><subfield code="6">700-09/</subfield><subfield code="a">شاه محمود نىشاپورى،</subfield><subfield code="e">خطاط.</subfield></datafield><datafield tag="880" ind1="0" ind2="0"><subfield code="6">245-03/</subfield><subfield code="a">[مجموعه غزليات,</subfield><subfield code="f">قرن 16م؟].</subfield></datafield><datafield tag="CID" ind1=" " ind2=" "><subfield code="a">006819552</subfield></datafield><datafield tag="DAT" ind1="0" ind2=" "><subfield code="a">20190719102639.0</subfield><subfield code="b">20190719000000.0</subfield></datafield><datafield tag="DAT" ind1="1" ind2=" "><subfield code="a">20190719090653.0</subfield><subfield code="b">2019-07-19T16:12:05Z</subfield></datafield><datafield tag="DAT" ind1="2" ind2=" "><subfield code="a">2015-10-02T18:00:03Z</subfield></datafield><datafield tag="CAT" ind1=" " ind2=" "><subfield code="a">SDR-MIU</subfield><subfield code="d">EX LIBRIS - ALEPH</subfield><subfield code="l">prepare.pl-004-008</subfield></datafield><datafield tag="FMT" ind1=" " ind2=" "><subfield code="a">BK</subfield></datafield><datafield tag="HOL" ind1=" " ind2=" "><subfield code="0">sdr-miu006819552</subfield><subfield code="a">MiU</subfield><subfield code="b">SDR</subfield><subfield code="c">MIU</subfield><subfield code="p">mdp.39015079130400</subfield><subfield code="s">MIU</subfield><subfield code="1">006819552</subfield></datafield><datafield tag="974" ind1=" " ind2=" "><subfield code="b">MIU</subfield><subfield code="c">MIU</subfield><subfield code="d">20190719</subfield><subfield code="s">lit-dlps-dc</subfield><subfield code="u">mdp.39015079130400</subfield><subfield code="y">1572</subfield><subfield code="r">pd</subfield><subfield code="q">bib</subfield><subfield code="t">non-US bib date2 &lt; 1896</subfield></datafield></record></collection>